<record><leader>00000cas a22000007a 4500</leader><controlfield tag="001">12137894</controlfield><controlfield tag="008">850610d18401840ohuwr ne      0    0eng d</controlfield><datafield ind1=" " ind2=" " tag="010"><subfield code="a">sn 85026269 </subfield></datafield><datafield ind1=" " ind2=" " tag="040"><subfield code="a">NPX</subfield><subfield code="b">eng</subfield><subfield code="c">NPX</subfield><subfield code="d">DLC</subfield><subfield code="d">WVC</subfield><subfield code="d">ONP</subfield><subfield code="d">OCLCQ</subfield><subfield code="d">OCLCO</subfield></datafield><datafield ind1=" " ind2=" " tag="042"><subfield code="a">msc</subfield></datafield><datafield ind1="0" ind2="0" tag="050"><subfield code="a">Newspaper 9335</subfield></datafield><datafield ind1="0" ind2="4" tag="245"><subfield code="a">The Log cabin farmer.</subfield></datafield><datafield ind1=" " ind2=" " tag="260"><subfield code="a">Steubenville, [Ohio] :</subfield><subfield code="b">J. &amp; R.C. Wilson,</subfield><subfield code="c">1840.</subfield></datafield><datafield ind1=" " ind2=" " tag="300"><subfield code="a">v. ;</subfield><subfield code="c">46 cm.</subfield></datafield><datafield ind1=" " ind2=" " tag="310"><subfield code="a">Weekly</subfield></datafield><datafield ind1="0" ind2=" " tag="362"><subfield code="a">No. 1 (Apr. 2, 1840)-no. 30 (Oct. 29, 1840).</subfield></datafield><datafield ind1=" " ind2=" " tag="500"><subfield code="a">"Whig campaign paper." Cf. Gutgesell, S. Guide to Ohio newspapers, 1974.</subfield></datafield><datafield ind1="2" ind2=" " tag="710"><subfield code="a">Whig Party (Ohio)</subfield></datafield><datafield ind1=" " ind2=" " tag="752"><subfield code="a">United States</subfield><subfield code="b">Ohio</subfield><subfield code="c">Jefferson</subfield><subfield code="d">Steubenville.</subfield></datafield></record>